@article{byrne,
  title={Populating the semantic web: combining text and relational databases as RDF graphs},
  author={Byrne, Kate},
  year={2009},
  publisher={The University of Edinburgh}
}

@inproceedings{le2002,
  title={Terminology extraction from text to build an ontology in surgical intensive care.},
  author={Le Moigno, Sophie and Charlet, Jean and Bourigault, Didier and Degoulet, Patrice and Jaulent, Marie-Christine},
  booktitle={Proceedings of the AMIA Symposium},
  pages={430},
  year={2002},
  organization={American Medical Informatics Association}
}

@article{zhou2007,
  title={Ontology learning: state of the art and open issues},
  author={Zhou, Lina},
  journal={Information Technology and Management},
  volume={8},
  number={3},
  pages={241--252},
  year={2007},
  publisher={Springer}
}

@article{rdf,
  title={RDF primer},
  author={Manola, Frank and Miller, Eric and McBride, Brian and others},
  journal={W3C recommendation},
  volume={10},
  number={1-107},
  pages={6},
  year={2004}
}

@article{owl,
  title={OWL web ontology language overview},
  author={McGuinness, Deborah L and Van Harmelen, Frank and others},
  journal={W3C recommendation},
  volume={10},
  number={10},
  pages={2004},
  year={2004}
}

@article{dbpedia,
  title={DBpedia--a large-scale, multilingual knowledge base extracted from Wikipedia},
  author={Lehmann, Jens and Isele, Robert and Jakob, Max and Jentzsch, Anja and Kontokostas, Dimitris and Mendes, Pablo N and Hellmann, Sebastian and Morsey, Mohamed and van Kleef, Patrick and Auer, S{\"o}ren and others},
  journal={Semantic Web},
  volume={6},
  number={2},
  pages={167--195},
  year={2015},
  publisher={IOS Press}
}

@article{lod,
  title={State of the LOD Cloud},
  author={Bizer, Chris and Jentzsch, Anja and Cyganiak, Richard},
  journal={Version 0.3 (September 2011)},
  volume={1803},
  year={2011}
}

@incollection{lin2008,
  title={A survey of exploiting wordnet in ontology matching},
  author={Lin, Feiyu and Sandkuhl, Kurt},
  booktitle={Artificial Intelligence in Theory and Practice II},
  pages={341--350},
  year={2008},
  publisher={Springer}
}

@article{singh2014,
  title={CONCEPT INTEGRATION USING EDIT DISTANCE AND N-GRAM MATCH},
  author={Singh, Vikram and Joshi, Pradeep and Mandhan, Shakti},
  journal={International Journal of Database Management Systems},
  volume={6},
  number={6},
  pages={1},
  year={2014},
  publisher={Academy \& Industry Research Collaboration Center (AIRCC)}
}

@inproceedings{levenshtein,
  title={Binary codes capable of correcting deletions, insertions, and reversals},
  author={Levenshtein, Vladimir I},
  booktitle={Soviet physics doklady},
  volume={10},
  number={8},
  pages={707--710},
  year={1966}
}

@article{future,
  title={Ontology matching: state of the art and future challenges},
  author={Shvaiko, Pavel and Euzenat, J{\'e}r{\^o}me},
  journal={Knowledge and Data Engineering, IEEE Transactions on},
  volume={25},
  number={1},
  pages={158--176},
  year={2013},
  publisher={IEEE}
}

@inproceedings{ling2015,
  title={Two/too simple adaptations of word2vec for syntax problems},
  author={Ling, Wang and Dyer, Chris and Black, Alan and Trancoso, Isabel},
  booktitle={Proceedings of the 2015 Conference of the North American Chapter of the Association for Computational Linguistics: Human Language Technologies},
  pages={1299--1304},
  year={2015}
}

@article{multisense,
  title={Efficient non-parametric estimation of multiple embeddings per word in vector space},
  author={Neelakantan, Arvind and Shankar, Jeevan and Passos, Alexandre and McCallum, Andrew},
  journal={arXiv preprint arXiv:1504.06654},
  year={2015}
}

@inproceedings{OAEI2015,
  title={AML Results for OAEI 2015},
  author={Faria, Daniel and Martins, Catarina and Nanavaty, Amruta and Oliveira, Daniela and Balasubramani, Booma S and Taheri, Aynaz and Pesquita, Catia and Couto, Francisco M and Cruz, Isabel F},
  booktitle={ISWC International Workshop on Ontology Matching (OM), CEUR Workshop Proceedings},
  year={2015}
}

@article{agreementmaker,
  title={AgreementMaker: efficient matching for large real-world schemas and ontologies},
  author={Cruz, Isabel F and Antonelli, Flavio Palandri and Stroe, Cosmin},
  journal={Proceedings of the VLDB Endowment},
  volume={2},
  number={2},
  pages={1586--1589},
  year={2009},
  publisher={VLDB Endowment}
}












